<?xml version="1.0" encoding="UTF-8"?><collection xmlns="http://www.loc.gov/MARC21/slim"><record><leader>00403nam--2200133-i-4500</leader><controlfield tag="001">000001080</controlfield><controlfield tag="002">20161230</controlfield><controlfield tag="005">20161230201024</controlfield><controlfield tag="008">060222s1000------------r-----000-0-eng-d</controlfield><datafield ind1=" " ind2=" " tag="080"><subfield code="a">541.49:547.25</subfield></datafield><datafield ind1=" " ind2=" " tag="100"><subfield code="a">Herberhold, Max</subfield></datafield><datafield ind1=" " ind2=" " tag="245"><subfield code="a">Metal pi-complexes. part 1: general survey. vol ii : complexes with mone-olefinic ligands</subfield></datafield><datafield ind1=" " ind2=" " tag="260"><subfield code="a">Amsterdam,Elsevier Publ., Co., 1972. Xv + 643 P</subfield></datafield><datafield ind1=" " ind2=" " tag="852"><subfield code="a">40939</subfield></datafield></record></collection>